@article{meanshift,
  title={\href{https://pdfs.semanticscholar.org/2fad/89d48fa04bca17072f895c86104a710921af.pdf}{Mean shift: A robust approach toward feature space analysis}},
  author={Comaniciu, Dorin and Meer, Peter},
  journal={IEEE Transactions on pattern analysis and machine intelligence},
  volume={24},
  number={5},
  pages={603--619},
  year={2002},
  publisher={IEEE}
}

@article{imgseg,
  title={\href{http://citeseerx.ist.psu.edu/viewdoc/download?doi=10.1.1.87.6267&rep=rep1&type=pdf}{Efficient graph-based image segmentation}},
  author={Felzenszwalb, Pedro F and Huttenlocher, Daniel P},
  journal={International journal of computer vision},
  volume={59},
  number={2},
  pages={167--181},
  year={2004},
  publisher={Springer}
}

@inproceedings{specclust,
  title={\href{ftp://swanson.seas.upenn.edu/pub/datamining/public_html/ReadingGroup/papers/spectralcluster.pdf}{On spectral clustering: Analysis and an algorithm}},
  author={Ng, Andrew Y and Jordan, Michael I and Weiss, Yair},
  booktitle={Advances in neural information processing systems},
  pages={849--856},
  year={2002}
}

@book{elements,
  title={\href{https://web.stanford.edu/~hastie/Papers/ESLII.pdf}{The elements of statistical learning}},
  author={Hastie, Trevor and Tibshirani, Robert and Friedman, Jerome},
  year={2001},
  publisher={Springer series in statistics New York, NY, USA:}
}

@article{criminisi,
  title={\href{https://www.microsoft.com/en-us/research/wp-content/uploads/2016/02/decisionForests_MSR_TR_2011_114.pdf}{Decision forests: A unified framework for classification, regression, density estimation, manifold learning and semi-supervised learning}},
  author={Criminisi, Antonio and Shotton, Jamie and Konukoglu, Ender and others},
  journal={Foundations and Trends in Computer Graphics and Vision},
  volume={7},
  number={2--3},
  pages={81--227},
  year={2012},
  publisher={Now Publishers, Inc.}
}

@book{bishop,
  title={\href{http://users.isr.ist.utl.pt/~wurmd/Livros/school/Bishop\%20-\%20Pattern\%20Recognition\%20And\%20Machine\%20Learning\%20-\%20Springer\%20\%202006.pdf}{Pattern Recognition and Machine Learning}},
  author={Bishop, C.M.},
  series={Information Science and Statistics},
  year={2016},
  publisher={Springer New York}
}

@article{rabiner,
  title={\href{https://astro.temple.edu/~msobel/courses_files/hidden%20markov%20models.pdf}{A tutorial on hidden Markov models and selected applications in speech recognition}},
  author={Rabiner, Lawrence R},
  journal={Proceedings of the IEEE},
  volume={77},
  number={2},
  pages={257--286},
  year={1989},
  publisher={Ieee}
}

@article{kolmogorov,
  title={\href{http://www.cs.cornell.edu/rdz/Papers/KZ-ECCV02-graphcuts.pdf}{What energy functions can be minimizedvia graph cuts?}},
  author={Kolmogorov, Vladimir and Zabih, Ramin},
  journal={IEEE Transactions on Pattern Analysis \& Machine Intelligence},
  number={2},
  pages={147--159},
  year={2004},
  publisher={IEEE}
}

@article{saul,
  title={\href{ftp://swanson.seas.upenn.edu/pub/datamining/public_html/ReadingGroup/papers/lle.pdf}{Think globally, fit locally: unsupervised learning of low dimensional manifolds}},
  author={Saul, Lawrence K and Roweis, Sam T},
  journal={Journal of machine learning research},
  volume={4},
  number={Jun},
  pages={119--155},
  year={2003}
}

@article{belkin,
  title={\href{http://www.cs.rochester.edu/~stefanko/Teaching/09CS446/Laplacian.pdf}{Laplacian eigenmaps for dimensionality reduction and data representation}},
  author={Belkin, Mikhail and Niyogi, Partha},
  journal={Neural computation},
  volume={15},
  number={6},
  pages={1373--1396},
  year={2003},
  publisher={MIT Press}
}

@incollection{geman,
  title={\href{https://link.springer.com/chapter/10.1007%2FBFb0103042}{Random fields and inverse problems in imaging}},
  author={Geman, Donald},
  booktitle={Ecole d'ete de Probabilites de Saint-Flour XVIII-1988},
  pages={115--193},
  year={1990},
  publisher={Springer}
}

@book{gersho,
  author = {Gersho, Allen and Gray, Robert},
  year = {1992},
  title = {\href{https://www.springer.com/de/book/9780792391814}{Vector quantization and signal compression}},
  publisher = {Springer Science+Business Media New York},
  edition = {1},
}